<?xml version="1.0" encoding="UTF-8"?><collection xmlns="http://www.loc.gov/MARC21/slim"><record><leader>00648nam--2200193-i-4500</leader><controlfield tag="001">000041444</controlfield><controlfield tag="002">20161230</controlfield><controlfield tag="005">20161230201043</controlfield><controlfield tag="008">060222s1000------------r-----000-0-eng-d</controlfield><datafield ind1=" " ind2=" " tag="040"><subfield code="a">IFIN-HH</subfield></datafield><datafield ind1=" " ind2=" " tag="080"><subfield code="a">538.945(061.3)</subfield></datafield><datafield ind1="1" ind2=" " tag="100"><subfield code="a">Shenoy,G.K</subfield></datafield><datafield ind1="1" ind2="0" tag="245"><subfield code="a">Ternary superconductors</subfield><subfield code="b">Proceedings of the international conference on ternary superconductors hekd september 24-26, 1980, lake geneva, wisconsin, sua</subfield><subfield code="c">G.k. shenoy; b.d. dunlap; f.y. fradin (eds.)</subfield></datafield><datafield ind1=" " ind2=" " tag="260"><subfield code="a">New York</subfield><subfield code="b">North Holland</subfield><subfield code="c">1981</subfield></datafield><datafield ind1=" " ind2=" " tag="300"><subfield code="a">XVI + 322 P</subfield></datafield><datafield ind1=" " ind2=" " tag="490"><subfield code="a">Proceedings</subfield></datafield><datafield ind1="1" ind2=" " tag="700"><subfield code="a">Fradin, F.Y</subfield><subfield code="e">Ed</subfield></datafield><datafield ind1=" " ind2=" " tag="852"><subfield code="a">70145</subfield><subfield code="c">537:538</subfield></datafield><datafield ind1=" " ind2=" " tag="CAT"><subfield code="a">Sys</subfield><subfield code="c">20110627</subfield><subfield code="h">085342</subfield></datafield></record></collection>